@manual{python,
  title        = {Python Documentation},
  author       = {Python Software Foundation},
  year         = {2024},
  url          = {https://docs.python.org/3/},
  note         = {Accessed: 2024-05-22}
}

@manual{esatan-tms,
  title        = {ESATAN-TMS Official Site},
  author       = {ITP Aero},
  year         = {2024},
  url          = {https://www.esatan-tms.com/},
  note         = {Accessed: 2024-05-22}
}

@manual{matplotlib,
  title        = {Matplotlib Documentation},
  author       = {Matplotlib Development Team},
  year         = {2024},
  url          = {https://matplotlib.org/stable/contents.html},
  note         = {Accessed: 2024-05-22}
}

@manual{numpy,
  title        = {NumPy Documentation},
  author       = {NumPy Developers},
  year         = {2024},
  url          = {https://numpy.org/doc/stable/},
  note         = {Accessed: 2024-05-22}
}

@manual{scipy,
  title        = {SciPy Documentation},
  author       = {SciPy Community},
  year         = {2024},
  url          = {https://docs.scipy.org/doc/scipy/},
  note         = {Accessed: 2024-05-22}
}

@book{Sergio,
  title        = {UPMSAT-3 Thermal Control Subsystem},
  author       = {Instituto de Microgravedad Ignacio Da Riva},
  year         = {2024},
  note         = {Accessed: 2024-05-22}
}

@book{gilmore2002,
  author    = "D. G. Gilmore",
  title     = "Spacecraft Thermal Control Handbook. Volume I",
  year      = "2002",
  publisher = "Aerospace Press",
  address   = "El Segundo, California",
  volume    = "I"
}

@book{meseguer2012,
  author    = "J. Meseguer and I. P\'{e}rez-Grande and A. Sanz-Andr\'{e}s",
  title     = "Spacecraft Thermal Control",
  year      = "2012",
  publisher = "Woodhead Publishing"
}

@book{karam2012,
  author    = "R. Karam",
  title     = "Satellite Thermal Control for Systems Engineers",
  year      = "2012",
  publisher = "American Institute of Aeronautics and Astronautics, Inc"
}

@inproceedings{planasalmazan1997,
  author    = "P. Planas Almazan",
  title     = "Accuracy of Monte Carlo ray-tracing thermal radiation calculations: A practical discussion",
  booktitle = "Sixth European Symposium on Space Environmental Control Systems",
  year      = "1997",
  pages     = "579--591"
}

@misc{amd2024,
  author       = "{AMD}",
  title        = "{XQR Kintex UltraScale Documentation}",
  year         = {2024},
  url          = {https://docs.amd.com/v/u/en-US/ds882-xqr-kintex-ultrascale},
  note         = {Accessed: 2024-06-05}
}

@inproceedings{appel2004,
  author    = "S. Appel and R. Patr\'{i}cio and H. P. de Koning and O. Pin",
  title     = "Automatic Linear Conductor Generation Solution for Lumped Parameter Models",
  booktitle = "34th International Conference on Environmental Systems",
  year      = "2004"
}

@article{garmendia2016,
  author    = "I. Garmendia and E. Anglada and H. Vallejo and M. Seco",
  title     = "Accurate calculation of conductive conductances in complex geometries for spacecrafts thermal models",
  journal   = "Advances in Space Research",
  year      = "2016",
  volume    = "57",
  number    = "4",
  pages     = "1087--1097",
  url       = "http://dx.doi.org/10.1016/j.asr.2015.12.027"
}

@inproceedings{fernandez-rico2023,
  author       = "Germ\'{a}n Fern\'{a}ndez-Rico and Ignacio Torralbo Gimeno and Javier Piqueras-Carre\~{n}o and Isabel P\'{e}rez-Grande",
  title        = "Reduction and Correlation of Lumped Parameter Method for Thermal Models in Steady-State Conditions",
  booktitle    = "2023 International Conference on Environmental Systems",
  year         = "2023",
  month        = "July",
  address      = "Calgary, Canada",
  url          = "https://hdl.handle.net/2346/94651"
}



